@misc{lewis2020retrievalaugmented,
    title={Retrieval-Augmented Generation for Knowledge-Intensive NLP Tasks},
    author={Patrick Lewis and Ethan Perez and Aleksandra Piktus and Fabio Petroni and Vladimir Karpukhin and Naman Goyal and Heinrich Küttler and Mike Lewis and Wen-tau Yih and Tim Rocktäschel and Sebastian Riedel and Douwe Kiela},
    year={2020},
    eprint={2005.11401},
    archivePrefix={arXiv},
    primaryClass={cs.CL}
}
@misc{huggingfaceSentencetransformersmultiqampnetbasedotv1Hugging,
	key = {SentenceTransformers},
	title = {sentence-transformers/multi-qa-mpnet-base-dot-v1 · {H}ugging {F}ace --- huggingface.co},
	howpublished = {\url{https://huggingface.co/sentence-transformers/multi-qa-mpnet-base-dot-v1}},
}

@misc{huggingfaceBAAIbgesmallenv15Hugging,
	key = {BAAI},
	title = {{B}{A}{A}{I}/bge-small-en-v1.5 · {H}ugging {F}ace --- huggingface.co},
	howpublished = {\url{https://huggingface.co/BAAI/bge-small-en-v1.5}},
}

@misc{githubRandomfunknn_vs_svmipynbMaster,
	author = {Andrej Karpathy},
	howpublished = {\url{https://github.com/karpathy/randomfun/blob/master/knn_vs_svm.ipynb}},
}
@inproceedings{wu2023autogen,
      title={AutoGen: Enabling Next-Gen LLM Applications via Multi-Agent Conversation Framework},
      author={Qingyun Wu and Gagan Bansal and Jieyu Zhang and Yiran Wu and Beibin Li and Erkang Zhu and Li Jiang and Xiaoyun Zhang and Shaokun Zhang and Jiale Liu and Ahmed Hassan Awadallah and Ryen W White and Doug Burger and Chi Wang},
      year={2023},
      eprint={2308.08155},
      archivePrefix={arXiv},
      primaryClass={cs.AI},
	  booktitle={AutoGen}
} 